<?xml version="1.0" encoding="UTF-8"?><collection xmlns="http://www.loc.gov/MARC21/slim"><record><leader>00567nam--2200205-u-4500</leader><controlfield tag="001">000055411</controlfield><controlfield tag="002">20161230</controlfield><controlfield tag="005">20170111225745</controlfield><controlfield tag="008">130201s1000------------r-----000-0-eng-d</controlfield><datafield ind1=" " ind2=" " tag="020"><subfield code="a">0435281100</subfield></datafield><datafield ind1=" " ind2=" " tag="040"><subfield code="a">IFIN-HH</subfield></datafield><datafield ind1=" " ind2=" " tag="080"><subfield code="a">802.0</subfield></datafield><datafield ind1="1" ind2=" " tag="100"><subfield code="a">Brookes, H. F</subfield></datafield><datafield ind1="1" ind2="0" tag="245"><subfield code="a">English as a foreign language for science students</subfield><subfield code="b">Vol. 1</subfield><subfield code="c">H. F. Brookes, H. Ross</subfield></datafield><datafield ind1=" " ind2=" " tag="250"><subfield code="a">Reprinted With Corrections</subfield></datafield><datafield ind1=" " ind2=" " tag="260"><subfield code="a">London</subfield><subfield code="b">Heinemann Educational Books Ltd</subfield><subfield code="c">1971</subfield></datafield><datafield ind1=" " ind2=" " tag="300"><subfield code="a">V+208 p</subfield></datafield><datafield ind1="1" ind2=" " tag="700"><subfield code="a">Ross, H</subfield></datafield><datafield ind1=" " ind2=" " tag="852"><subfield code="a">36359</subfield><subfield code="c">4</subfield></datafield><datafield ind1=" " ind2=" " tag="CAT"><subfield code="a">SYS</subfield><subfield code="c">20170111</subfield><subfield code="h">225745</subfield></datafield></record></collection>